@INPROCEEDINGS{ETSIDVBT22009,
  title = {{Digital Video Broadcasting (DVB), Framing Structure, Channel coding, and Modulation for digital terrestrial television broadcasting system (DVB-T2)}},
  institution = {European Telecommunications Standards Institute},
  year = {2009},
  month = {9},
  note = {ETSI EN 302755v1.1.1},
  author = {{European Telecommunications Standards Institute}}
}

@INPROCEEDINGS{Hellstrom2007,
  title = {{GPS-free synchronization of Digital Terrestrial TV and Mobile TV distribution networks}},
  author = {Bengt Hellstrom},
  institution = {Net Insight AB},
  address = {Sweden},
  month = {8},
  year = {2007},
  note = {NID2890 A2},
  email = {info@netinsight.net}
}

@INPROCEEDINGS{liang2007timing,
  author={Liang, Min and Chen, Wei and Long, Bi-qi},
  booktitle={2007 2nd IEEE Conference on Industrial Electronics and Applications},
  title={OFDM Timing Synchronization Schemes in SFN Channels},
  year={2007},
  volume={},
  number={},
  pages={1535-1538},
  doi={10.1109/ICIEA.2007.4318664}}


@misc{ieee1588_2008,
  title={{IEEE Standard for a Precision Clock Synchronization Protocol for Networked Measurement and Control Systems}},
  howpublished={IEEE Std 1588-2008},
  year={2008},
  organization={Institute of Electrical and Electronics Engineers}
}

@INPROCEEDINGS{ptpscale,
  author={Ciarleglio, Nicholas and Edwards, Thomas and Welch, Robert},
  booktitle={SMPTE 2016 Annual Technical Conference and Exhibition},
  title={Large scale PTP: How big can it get?},
  year={2016},
  volume={},
  number={},
  pages={1-13},
  doi={10.5594/M001705}
}

@INPROCEEDINGS{machaj2021impact,
  title={Impact of GPS interference on time synchronization of DVB-T transmitters},
  author={Machaj, Juraj and Brida, Peter and Majer, Norbert and S{\v{c}}ehovi{\v{c}}, Roman},
  journal={Mobile Information Systems},
  volume={2021},
  pages={1-11},
  year={2021},
  publisher={Hindawi Limited}
}

@article{dempster2001vulnerable,
  title={How vulnerable is GPS?},
  author={Dempster, Andrew},
  journal={Transportation},
  year={2001}
}

@article{infrastructure2001vulnerability,
  title={Vulnerability assessment of the transportation infrastructure relying on the global positioning system},
  author={Infrastructure, Transportation},
  journal={Center, John A. Volpe Nat. Transp. Syst., Tech. Rep},
  year={2001}
}

@misc{vniiftri2018etalonnye,
  title={Эталонные сигналы частоты и времени: Характеристики и программы передач через радиостанции, наземные и космические средства навигации, сеть телевизионного вещания и глобальную сеть интернет},
  author={{Федеральное Агентство по Техническому Регулированию и Метрологии, Главный Метрологический Центр Государственной Службы Времени и Частоты РФ, ФГУП “ВНИИФТРИ”}},
  year={2018},
  address={Москва},
  publisher={ФГУП “ВНИИФТРИ”},
  howpublished={\url{http://www.vniiftri.ru}}
}

@INPROCEEDINGS{eloran,
  author={Johnson, Gregory W. and Swaszek, Peter F. and Hartnett, Richard J. and Shalaev, Ruslan and Wiggins, Mark},
  booktitle={2007 IEEE Conference on Technologies for Homeland Security},
  title={An Evaluation of eLoran as a Backup to GPS},
  year={2007},
  volume={},
  number={},
  pages={95-100},
  doi={10.1109/THS.2007.370027}
}

@techreport{itur1997standard,
  title={Standard Frequencies and Time Signals},
  author={{ITU Radiocommunication Assembly}},
  year={1997},
  number={TF.768-2},
  institution={International Telecommunication Union},
  note={Question ITU-R 106/7},
  url={http://www.itu.int}
}

@inproceedings{SeoKim2013,
  author = {Seo, J. and Kim, M.},
  title = {{eLoran in Korea -- Current status and future plans}},
  booktitle = {Proceedings of the European Navigation Conference},
  year = {2013},
  pages = {23--27},
  address = {Vienna},
}
