@inproceedings{ETSIDVBT22009,
    title = {{Digital Video Broadcasting (DVB), Framing Structure, Channel
             coding, and Modulation for digital terrestrial television
             broadcasting system (DVB-T2)}},
    institution = {European Telecommunications Standards Institute},
    year = {2009},
    month = {9},
    note = {ETSI EN 302755v1.1.1},
    author = {{European Telecommunications Standards Institute}},
}

@inproceedings{Hellstrom2007,
    title = {{GPS-free synchronization of Digital Terrestrial TV and Mobile TV
             distribution networks}},
    author = {Bengt Hellstrom},
    institution = {Net Insight AB},
    address = {Sweden},
    month = {8},
    year = {2007},
    note = {NID2890 A2},
    email = {info@netinsight.net},
}

@inproceedings{liang2007timing,
    author = {Liang, Min and Chen, Wei and Long, Bi-qi},
    booktitle = {2007 2nd IEEE Conference on Industrial Electronics and
                 Applications},
    title = {OFDM Timing Synchronization Schemes in SFN Channels},
    year = {2007},
    volume = {},
    number = {},
    pages = {1535-1538},
    doi = {10.1109/ICIEA.2007.4318664},
}


@misc{ieee1588-2008,
    title = {{IEEE Standard for a Precision Clock Synchronization Protocol for
             Networked Measurement and Control Systems}},
    howpublished = {IEEE Std 1588-2008},
    year = {2008},
    organization = {Institute of Electrical and Electronics Engineers},
}

@inproceedings{ptpscale,
    author = {Ciarleglio, Nicholas and Edwards, Thomas and Welch, Robert},
    booktitle = {SMPTE 2016 Annual Technical Conference and Exhibition},
    title = {Large scale PTP: How big can it get?},
    year = {2016},
    volume = {},
    number = {},
    pages = {1-13},
    doi = {10.5594/M001705},
}

@inproceedings{machaj2021impact,
    title = {Impact of GPS interference on time synchronization of DVB-T
             transmitters},
    author = {Machaj, Juraj and Brida, Peter and Majer, Norbert and S{\v{c}}
              ehovi{\v{c}}, Roman},
    journal = {Mobile Information Systems},
    volume = {2021},
    pages = {1-11},
    year = {2021},
    publisher = {Hindawi Limited},
}

@article{dempster2001vulnerable,
    title = {How vulnerable is GPS?},
    author = {Dempster, Andrew},
    journal = {Position},
    volume = {20},
    pages = {64-67},
    year = {2005},
}

@article{infrastructure2001vulnerability,
    title = {Vulnerability assessment of the transportation infrastructure
             relying on the global positioning system},
    author = {Infrastructure, Transportation},
    journal = {Center, John A. Volpe Nat. Transp. Syst., Tech. Rep},
    year = {2001},
}

@manual{vniiftri,
    title = "{Bulletin V 16 / 2018: Standard Time and Frequency Signals}",
    author = "{FGUP VNIIFTRI}",
    organization = "{Federal Agency for Technical Regulation and Metrology.
                    Principal Metrological Center of the State Service of Time
                    and Frequency of the Russian Federation}",
    address = "{Moscow, Russia}",
    year = "{2018}",
}

@inproceedings{eloran,
    author = {Johnson, Gregory W. and Swaszek, Peter F. and Hartnett, Richard J.
              and Shalaev, Ruslan and Wiggins, Mark},
    booktitle = {2007 IEEE Conference on Technologies for Homeland Security},
    title = {An Evaluation of eLoran as a Backup to GPS},
    year = {2007},
    volume = {},
    number = {},
    pages = {95-100},
    doi = {10.1109/THS.2007.370027},
}

@techreport{itur1997standard,
    title = {Standard Frequencies and Time Signals},
    author = {{ITU Radiocommunication Assembly}},
    year = {1997},
    number = {TF.768-2},
    institution = {International Telecommunication Union},
    note = {Question ITU-R 106/7},
    url = {http://www.itu.int},
}

@inproceedings{SeoKim2013,
    author = {Seo, J. and Kim, M.},
    title = {{eLoran in Korea -- Current status and future plans}},
    booktitle = {Proceedings of the European Navigation Conference},
    year = {2013},
    pages = {23--27},
    address = {Vienna},
}

@article{xo-stability,
    title = {Frequency accuracy \& stability dependencies of crystal oscillators
             },
    author = {Zhou, Hui and Nicholls, Charles and Kunz, Thomas and Schwartz,
              Howard},
    journal = {Carleton University, Systems and Computer Engineering, Technical
               Report SCE-08-12},
    year = {2008},
    publisher = {Citeseer},
}

@manual{m10s-ds,
    title = "{MAX-M10S: Standard precision GNSS module}",
    author = "{u-blox AG}",
    type = "{Data sheet}",
    number = "{UBX-20035208}",
    version = "{R05}",
    year = "{2024}",
    month = {March},
}

@manual{m10s-im,
    title = "{MAX-M10S: Standard precision GNSS module}",
    author = "{u-blox AG}",
    type = "{Integration manual}",
    number = "{UBX-20053088}",
    version = "{R04}",
    year = "{2023}",
    month = {June},
}

@manual{st-nucleo,
    title = "{STM32H7 Nucleo-144 boards (MB1364)}",
    author = "{STMicroelectronics}",
    type = "{User manual}",
    number = "{UM2407}",
    version = "{Rev 4}",
    month = {October},
    year = {2023},
}

@manual{m10-id,
    title = "{u-blox M10 SPG 5.10: Standard precision GNSS firmware}",
    author = "{u-blox AG}",
    type = "{Interface description}",
    number = "{UBX-21035062}",
    version = "{R03}",
    year = "{2023}",
    month = {Jun},
}

@misc{pygpsclient,
    author = {{SEMU Consulting}},
    howpublished = {GitHub repository},
    note = {Accessed: \today},
    title = {Python Graphical GPS Client Application supporting NMEA, UBX, RTCM3
             , NTRIP and SPARTN Protocols},
    year = {2022},
    url = {https://github.com/semuconsulting/pygpsclient},
}

@misc{dsview,
    title = {{DSView: An open source multi-function instrument for everyone}},
    author = {{DreamSourceLab}},
    howpublished = {\url{https://github.com/DreamSourceLab/DSView}},
    note = {Accessed: \today},
    year = {2024},
}

@manual{stm-ds,
    title = {{STM32H723xE/G Datasheet}},
    author = {{STMicroelectronics}},
    year = {2023},
    month = {November},
    version = {Rev 4},
    note = {DS13313, Production Data},
}

@manual{stm-rm,
    title = {{Reference Manual: STM32H723/733 Value Line Advanced Arm-based
             32-bit MCUs}},
    author = {{STMicroelectronics}},
    year = {2021},
    month = {December},
    version = {Rev 3},
    note = {RM0468},
}

@manual{stm-pm,
    title = {{Programming Manual: STM32F7 Series and STM32H7 Series Cortex-M7
             processor programming manual}},
    author = {{STMicroelectronics}},
    year = {2019},
    month = {June},
    version = {Rev 5},
    note = {PM0253},
}

@manual{cd4040,
    title = "{CD4020B, CD4024B, CD4040B Types}",
    author = "{Texas Instruments Inc.}",
    type = "{Data sheet}",
    version = {Rev D},
    number = "{SCHS030D}",
    year = "{2003}",
    month = {December},
    note = "{Revised December 2003. Acquired from Harris Semiconductor}",
}

@inproceedings{time-offset,
    author = {Zhang, Kewei and Spanghero, Marco and Papadimitratos, Panagiotis},
    booktitle = {2020 IEEE/ION Position, Location and Navigation Symposium
                 (PLANS)},
    title = {Protecting GNSS-based Services using Time Offset Validation},
    year = {2020},
    volume = {},
    number = {},
    pages = {575-583},
    keywords = {Time Cross-checking;WiFi;NTP;Replay;Spoofing},
    doi = {10.1109/PLANS46316.2020.9110224},
}

@article{high-precision-rtk,
    title = {High-precision time synchronization of kinematic navigation system
             using GNSS RTK differential carrier phase time transfer},
    journal = {Measurement},
    volume = {176},
    pages = {109132},
    year = {2021},
    issn = {0263-2241},
    doi = {https://doi.org/10.1016/j.measurement.2021.109132},
    url = {https://www.sciencedirect.com/science/article/pii/S0263224121001597},
    author = {Xia Xue and Honglei Qin and Hui Lu},
    keywords = {Time synchronization, Radio kinematic navigation system, GNSS,
                RTK-DCPTT, Sequential least squares},
}

@article{time-sync-attacks,
    author = {Khalajmehrabadi, Ali and Gatsis, Nikolaos and Akopian, David and
              Taha, Ahmad F.},
    journal = {IEEE Transactions on Industrial Electronics},
    title = {Real-Time Rejection and Mitigation of Time Synchronization Attacks
             on the Global Positioning System},
    year = {2018},
    volume = {65},
    number = {8},
    pages = {6425-6435},
    keywords = {Global Positioning
                System;Receivers;Satellites;Clocks;Synchronization;Phasor
                measurement units;Global positioning system (GPS);spoofing
                detection;time synchronization attack (TSAs)},
    doi = {10.1109/TIE.2017.2787581},
}

@article{gps-time-transfer,
    author = {Delporte, Jerome and Mercier, Flavien and Laurichesse, D. and Galy
              , O.},
    year = {2008},
    month = {01},
    pages = {},
    title = {GPS Carrier-Phase Time Transfer Using Single-Difference Integer
             Ambiguity Resolution},
    volume = {2008},
    journal = {International Journal of Navigation and Observation},
    doi = {10.1155/2008/273785},
}

@patent{patent,
    author = "{John Fischer and Paul E. Myers}",
    title = "{Methods for Subnanosecond Time Synchronizing using RTK Receivers
             and Devices Thereof}",
    assignee = "{Spectracom Corporation, Rochester, NY (US)}",
    number = "{US 2015/0268352 A1}",
    type = "{Patent Application Publication}",
    country = "{United States}",
    date = {2015-09-24},
    filing_date = {2014-04-23},
    note = "{Related U.S. Provisional Application No. 61/815,116, filed on Apr.
            23, 2013}",
}


@article{glonass-perf,
    author = "Dan-ning ZHAO",
    title = "Performance analysis of GLONASS satellite clocks",
    journal = "JOURNAL OF TIME AND FREQUENCY",
    year = "2020",
    volume = "43",
    number = "1",
    pages = "66-71",
    doi = {10.13875/j.issn.1674-0637.2020-01-0066-06},
}

@manual{two-way-time-transfer,
    title = "{Recommendation ITU-R TF.1153-4: The operational use of two-way
             satellite time and frequency transfer employing pseudorandom noise
             codes}",
    organization = "{International Telecommunication Union (ITU)}",
    series = "{TF Series: Time signals and frequency standards emissions}",
    year = "{2015}",
    month = {August},
}

@manual{rinex-v3,
    author = "{Werner Gurtner and Lou Estey}",
    title = "{RINEX: The Receiver Independent Exchange Format, Version 3.00}",
    organization = "{Astronomical Institute, University of Bern and UNAVCO,
                    Boulder, CO}",
    year = "{2007}",
    month = {November},
    day = "{28}",
}

@article{carrier-phase-measurement,
    author = "{Cillian O'Driscoll}",
    title = "{GNSS Solutions: Carrier phase and its measurement for GNSS}",
    journal = "{Inside GNSS}",
    year = "{2010}",
    volume = "{5}",
    number = "{4}",
    pages = "{18--22}",
    month = {July},
}

@techreport{ublox-iot-whitepaper,
    author = "{Drazen Drinic and Chris Marshall}",
    title = "{Accurate timing for the IoT: Four questions to identify the timing
             technology that meets the requirements of your wireless application}
             ",
    institution = "{u-blox AG}",
    type = "{White Paper}",
    number = "{UBX-18051297}",
    year = "{2019}",
    note = "{Accessed: 09-May-2024}",
}

@article{spoofing1,
    author = {Feng, Weike and Friedt, Jean-Michel and Goavec-Merou, Gwenhael and
              Meyer, François},
    journal = {IEEE Aerospace and Electronic Systems Magazine},
    title = {Software-Defined Radio Implemented GPS Spoofing and Its
             Computationally Efficient Detection and Suppression},
    year = {2021},
    volume = {36},
    number = {3},
    pages = {36-52},
    keywords = {Antenna measurements;Phased arrays;Phase measurement;Real-time
                systems;Computational efficiency;Global Positioning
                System;Software radio},
    doi = {10.1109/MAES.2020.3040491},
}

@manual{celllocate,
    title = "{Positioning Implementation: GNSS, aiding, hybrid positioning and
             CellLocate®}",
    author = "{u-blox AG}",
    type = "{Application Note}",
    number = "{UBXDOC-686885345-1826}",
    version = "{R02}",
    year = "{2024}",
    month = {April},
    day = "{22}",
    note = "{C1-Public}",
}

@inbook{time-measurement,
    author = {Lombardi, Michael},
    year = {2014},
    month = {02},
    pages = {21 p.},
    title = {Time Measurement},
}

@article{antennas,
    author = {Li, Jingcheng and Carr, Jacob and Zhou, Chenming and Reyes, Miguel
              and Noll, James},
    year = {2018},
    month = {01},
    pages = {193-203},
    title = {A method for estimating the low frequency coupling characteristics
             of a ferrite-cored rod antenna to a long conductor},
    volume = {75},
    journal = {Progress In Electromagnetics Research M},
    doi = {10.2528/PIERM18081507},
}

@inproceedings{stm-timer,
    author = {Kong, Xiangjie and Wang, Jinbao and Wei, Zihui and Dong, Peng},
    booktitle = {2023 3rd International Conference on Electronic Information
                 Engineering and Computer (EIECT)},
    title = {Design of PPS Self-Calibration High-Precision Frequency Meter Based
             on STM32 Single Chip Microcomputer},
    year = {2023},
    volume = {},
    number = {},
    pages = {302-306},
    keywords = {Meters;Temperature measurement;Costs;Atmospheric
                measurements;Particle measurements;Frequency measurement;Velocity
                measurement;frequency Meter;pulse per second;STM32
                microcontroller},
    doi = {10.1109/EIECT60552.2023.10442747},
}

% hackrf gnss spoofing articles (2 pcs)

@inproceedings{geodesic,
    author = {Baeriswyl, P. and Schildknecht, Th. and Springer, T. and Beutler,
              G.},
    booktitle = {Tenth European Frequency and Time Forum EFTF 96 (IEE Conf.
                 Publ. 418)},
    title = {Time transfer with geodetic GPS receivers using code and phase
             observations},
    year = {1996},
    volume = {},
    number = {},
    pages = {430-435},
    keywords = {Time measurement},
    doi = {10.1049/cp:19960090},
}

@article{sg-filter,
    author = {Schafer, Ronald W.},
    journal = {IEEE Signal Processing Magazine},
    title = {What Is a Savitzky-Golay Filter? [Lecture Notes]},
    year = {2011},
    volume = {28},
    number = {4},
    pages = {111-117},
    keywords = {Polynomials;Finite impulse response filter;Approximation
                methods;Smoothing methods;Cutoff frequency;Filters},
    doi = {10.1109/MSP.2011.941097},
}

@article{scipy,
    author = {Virtanen, Pauli and Gommers, Ralf and Oliphant, Travis E. and
              Haberland, Matt and Reddy, Tyler and Cournapeau, David and Burovski
              , Evgeni and Peterson, Pearu and Weckesser, Warren and Bright,
              Jonathan and {van der Walt}, St{\'e}fan J. and Brett, Matthew and
              Wilson, Joshua and Millman, K. Jarrod and Mayorov, Nikolay and
              Nelson, Andrew R. J. and Jones, Eric and Kern, Robert and Larson,
              Eric and Carey, C J and Polat, {\.I}lhan and Feng, Yu and Moore,
              Eric W. and {VanderPlas}, Jake and Laxalde, Denis and Perktold,
              Josef and Cimrman, Robert and Henriksen, Ian and Quintero, E. A.
              and Harris, Charles R. and Archibald, Anne M. and Ribeiro, Ant{\^o}
              nio H. and Pedregosa, Fabian and {van Mulbregt}, Paul and {SciPy
              1.0 Contributors}},
    title = {{{SciPy} 1.0: Fundamental Algorithms for Scientific Computing in
             Python}},
    journal = {Nature Methods},
    year = {2020},
    volume = {17},
    pages = {261--272},
    adsurl = {https://rdcu.be/b08Wh},
    doi = {10.1038/s41592-019-0686-2},
}

@inproceedings{hackrf1,
    author = {Margana, Bhaskara Satyanarayana and Achanta, Dattatreya Sarma and
              Songala, Komal Kumar and Ammana, Supraja Reddy},
    booktitle = {2021 IEEE International Conference on Robotics, Automation,
                 Artificial-Intelligence and Internet-of-Things (RAAICON)},
    title = {A Simple SDR based Method to Spoof Low-End GPS aided Drones for
             Securing Locations},
    year = {2021},
    volume = {},
    number = {},
    pages = {32-36},
    keywords = {Radio frequency;Global navigation satellite
                system;Costs;Automation;Software;Robots;Drones;Software Defined
                Radio;GPS spoofing;Drone},
    doi = {10.1109/RAAICON54709.2021.9929965},
}

@article{gnss-jamming,
    author = {Curran, James T. and Bavaro, Michele and Closas, Pau and Navarro,
              M.},
    year = {2017},
    month = {09},
    pages = {46-53},
    title = {Systemic Jamming: A look at the threat of systemic jamming of GNSS},
    journal = {Inside GNSS},
}

@inproceedings{hackrf-gnss-spoofing,
    author = {Songala, Komal Kumar and Ammana, Supraja Reddy and Ramachandruni,
              Hari Chandana and Achanta, Dattatreya Sarma},
    booktitle = {2020 IEEE International Women in Engineering (WIE) Conference
                 on Electrical and Computer Engineering (WIECON-ECE)},
    title = {Simplistic Spoofing of GPS Enabled Smartphone},
    year = {2020},
    volume = {},
    number = {},
    pages = {460-463},
    keywords = {Navigation;Receivers;Signal processing;Security;Smart
                phones;Open source software;Global Positioning System;GPS
                spoofing;Simplistic spoofing;GPS-SDR-SIM;HackRF one SDR},
    doi = {10.1109/WIECON-ECE52138.2020.9397980},
}


@article{cn01,
    author = {Liu, Jinyuan and Chen, Feiqiang and Xie, Yuchen and Ge, Beibei and
              Lu, Zukun and Sun, Guangfu},
    journal = {IEEE Transactions on Instrumentation and Measurement},
    title = {Robust Spoofing Detection for GNSS Array Instrumentation Based on
             C/N0 Difference Measurements},
    year = {2023},
    volume = {72},
    number = {},
    pages = {1-11},
    keywords = {Global navigation satellite system;Adaptive
                arrays;Instruments;Gold;Jamming;Array signal
                processing;Monitoring;Antenna array;anti-jamming;C/N₀;Global
                Navigation Satellite System (GNSS);spoofing detection},
    doi = {10.1109/TIM.2023.3328684},
}

@inproceedings{cn02,
    author = {Deng, Min and Wang, Honghao and Ming, Dexiang and Chen, Yangzhuo},
    booktitle = {2022 IEEE 22nd International Conference on Communication
                 Technology (ICCT)},
    title = {GNSS Spoofing Detection Based on Abnormal Receiver Noise and
             Carrier-to-Noise Ratio Metric},
    year = {2022},
    volume = {},
    number = {},
    pages = {1306-1311},
    keywords = {Performance evaluation;Global navigation satellite
                system;Fluctuations;Costs;Uncertainty;Satellites;Heuristic
                algorithms;GNSS;spoofing detection;carrier-to-noise;noise power},
    doi = {10.1109/ICCT56141.2022.10072895},
}

@article{parallel,
    title = {GNU Parallel - The Command-Line Power Tool},
    author = {O. Tange},
    address = {Frederiksberg, Denmark},
    journal = {;login: The USENIX Magazine},
    month = {Feb},
    number = {1},
    volume = {36},
    url = {http://www.gnu.org/s/parallel},
    year = {2011},
    pages = {42-47},
}

@misc{gps-sdr-sim,
    author = {Takuji Ebinuma},
    title = {GPS-SDR-SIM: Software-Defined GPS Signal Simulator},
    year = {2023},
    howpublished = {GitHub repository},
    note = {Accessed: \today},
    url = {https://github.com/osqzss/gps-sdr-sim},
}

@article{pyplot,
    Author = {Hunter, J. D.},
    Title = {Matplotlib: A 2D graphics environment},
    Journal = {Computing in Science \& Engineering},
    Volume = {9},
    Number = {3},
    Pages = {90--95},
    abstract = {Matplotlib is a 2D graphics package used for Python for
                application development, interactive scripting, and
                publication-quality image generation across user interfaces and
                operating systems.},
    publisher = {IEEE COMPUTER SOC},
    doi = {10.1109/MCSE.2007.55},
    year = 2007,
}

@techreport{lstelecom,
    title = {Planning DVB-T2: Advance and Challenge},
    author = {{LS telcom AG}},
    year = {2010},
    institution = {LS telcom AG},
    type = {White Paper},
    number = {WHP01\_3},
    month = oct,
}

@article{1dvbt2,
    author = {Li, Caiwei and Telemi, Sato and Zhang, Xiaolin and Brugger, Roland
              and Angulo, Itziar and Angueira, Pablo},
    year = {2015},
    month = {09},
    pages = {1-1},
    title = {Planning Large Single Frequency Networks for DVB-T2},
    volume = {PP},
    journal = {Broadcasting, IEEE Transactions on},
    doi = {10.1109/TBC.2015.2419179},
}

@techreport{2dvbt2,
    author = {{European Broadcasting Union}},
    title = {Frequency and Network Planning Aspects of DVB-T2},
    institution = {European Broadcasting Union},
    year = 2011,
    month = {May},
    type = {EBU Technical Report},
    number = {TECH 3348},
    address = {Geneva},
}

@techreport{3dvbt2,
    author = {{International Telecommunication Union}},
    title = {Frequency and network planning aspects of DVB-T2},
    institution = {International Telecommunication Union},
    year = 2020,
    month = {October},
    type = {ITU-R Report},
    number = {BT.2254-4},
    address = {Geneva},
}

@mastersthesis{morshed2009synchronization,
    title = {Synchronization Performance in DVB-T2 system},
    author = {Morshed, Md Sarwar},
    year = {2009},
}

@article{4dvbt2,
    author = {Eizmendi, Iñaki and Prieto, Gorka and Berjon-Eriz, Gorka and Landa
              , Iratxe and Velez, Manuel},
    year = {2013},
    month = {06},
    pages = {1-11},
    title = {Empirical DVB-T2 Thresholds for Fixed Reception},
    volume = {59},
    journal = {Broadcasting, IEEE Transactions on},
    doi = {10.1109/TBC.2013.2241358},
}

@misc{fcp,
    title = { \begin{otherlanguage}{russian} {О федеральной целевой программе
             ``Развитие телерадиовещания в Российской Федерации на 2009-2018
             годы''} \end{otherlanguage} },
    author = {{Министерство цифрового развития, связи и массовых коммуникаций РФ
              }},
    year = {2009},
    note = {Последняя редакция введена в действие с 27 декабря 2018 года
            постановлением Правительства РФ от 14 декабря 2018 г. №1559},
    url = {http://docs.cntd.ru/document/902161938},
    urldate = {2024-03-22},
}

@article{ofdm,
    author = {Garro, Eduardo and Barjau, Carlos and Gomez-Barquero, David and
              Kim, Jugwon and Park, Sung and Hur, Namho},
    year = {2018},
    month = {04},
    pages = {1-10},
    title = {Layered Division Multiplexing With Distributed Multiple-Input
             Single-Output Schemes},
    volume = {PP},
    journal = {IEEE Transactions on Broadcasting},
    doi = {10.1109/TBC.2018.2823643},
}

@inproceedings{longwave1,
    author = {Rusu, Alexandru},
    year = {2017},
    month = {06},
    pages = {},
    title = {possible applications of eloran system for positioning and timing
             synchronization in underground mining},
    doi = {10.5593/sgem2017/22/S09.057},
}

@inproceedings{longwave2,
    title = {Evaluation of different frequency bands regarding their
             qualification for Inhouse Powerline Communication},
    author = {Dalichau, Harald},
    booktitle = {5th International Symposium on Powerline Communications, Lund
                 University, Malm{\"o}, Sweden, 4th-6th April},
    year = {2001},
}

@article{itu2007ground,
    title = {Ground-wave propagation curves for frequencies between 10 kHz and
             30 MHz},
    author = {ITU},
    journal = {Recommendation International Telecommunication Union},
    number = {02},
    pages = {368--369},
    year = {2007},
}

@inproceedings{classen2013jamming,
    title = {Jamming the RIAS. Technical Measures against Western broadcasting
             in East Germany (GDR) 1945--1989},
    author = {Classen, Christoph},
    booktitle = {Airy Curtains in the European Ether},
    pages = {321--346},
    year = {2013},
    organization = {Nomos Verlagsgesellschaft mbH \& Co. KG},
}
